@MISC{deepai:19,
    HOWPUBLISHED = "\url{https://deepai.org/dataset/mnist}",
    AUTHOR = "DeepAI",
    TITLE = "MNIST Dataset",
    MONTH = "09",
    YEAR = "2019",
    NOTE = "Accessed on 2022-05-03"
}

@BOOK{buduma:17,
    AUTHOR="Nikhil Buduma",
    TITLE="Fundamentals of Deep Learning. Designing Next-Generation Machine Learning Algorithms",
    PUBLISHER="O'Reilly",
    YEAR="2017",
}

@article{perwei:2014,
author = {Perwej, Yusuf and Hannan, Shaikh and Asif, Ali and Mane, Arjun},
year = {2014},
month = {06},
pages = {Pages 261- 274},
title = {An Overview and Applications of Optical Character Recognition},
volume = {Vol. 3},
journal = {International Journal of Advance Research In Science And Engineering (IJARSE)}
}

@BOOK{morohashi:90,
    AUTHOR="Tetsuji Morohashi",
    TITLE="Dai Kan-Wa Jiten",
    PUBLISHER="TaishÅ«kan Shoten",
    NOTE="Shohan Edition",
    YEAR="1990",
}

@MISC{aist:14,
    HOWPUBLISHED = "\url{http://etlcdb.db.aist.go.jp/specification-of-etl-9}",
    AUTHOR = "National Institute of Advanced Industrial Science and Technology",
    TITLE = "ETL Character Database",
    MONTH = "01",
    YEAR = "2014",
    NOTE = "Accessed on 2022-05-03"
}

@MISC{etl:19,
    HOWPUBLISHED = "\url{https://github.com/choo/etlcdb-image-extractor}",
    AUTHOR = "Github",
    TITLE = "ETL Character Image Extractor",
    MONTH = "11",
    YEAR = "2019",
    NOTE = "Accessed on 2022-04-17"
}

@article{Krizhevsky:2012,
  title={ImageNet classification with deep convolutional neural networks},
  author={Alex Krizhevsky and Ilya Sutskever and Geoffrey E. Hinton},
  journal={Communications of the ACM},
  year={2012},
  volume={60},
  pages={84 - 90}
}

@article{shea:15,
author = {O'Shea, Keiron and Nash, Ryan},
year = {2015},
month = {11},
pages = {},
title = {An Introduction to Convolutional Neural Networks},
journal = {ArXiv e-prints}
}

@article{kingma:15,
  title={Adam: A Method for Stochastic Optimization},
  author={Diederik P. Kingma and Jimmy Ba},
  journal={CoRR},
  year={2015},
  volume={abs/1412.6980}
}

@inproceedings{optuna:19,
    title={Optuna: A Next-generation Hyperparameter Optimization Framework},
    author={Akiba, Takuya and Sano, Shotaro and Yanase, Toshihiko and Ohta, Takeru and Koyama, Masanori},
    booktitle={Proceedings of the 25rd {ACM} {SIGKDD} International Conference on Knowledge Discovery and Data Mining},
    year={2019}
}

@ARTICLE{deb:02,

  author={Deb, K. and Pratap, A. and Agarwal, S. and Meyarivan, T.},

  journal={IEEE Transactions on Evolutionary Computation}, 

  title={A fast and elitist multiobjective genetic algorithm: NSGA-II}, 

  year={2002},

  volume={6},

  number={2},

  pages={182-197},

  doi={10.1109/4235.996017}}
  
  @inproceedings{zhang:15,
  title={Deep Convolutional Network for Handwritten Chinese Character Recognition},
  author={Yuhao Zhang},
  year={2015}
}

@inproceedings{lamb:18,
title	= {Deep Learning for Classical Japanese Literature},
author	= {Alex Lamb and Asanobu Kitamoto and David Ha and Kazuaki Yamamoto and Mikel Bober-Irizar and Tarin Clanuwat},
year	= {2018}
}


